<?xml version="1.0" encoding="UTF-8"?>
  <record xmlns="http://www.loc.gov/MARC21/slim" type="Authority">
    <leader>00000nz  a2200000nc 4500</leader>
    <controlfield tag="001">103143556</controlfield>
    <controlfield tag="003">DE-101</controlfield>
    <controlfield tag="005">20180925144036.0</controlfield>
    <controlfield tag="008">950530n||azznnaabn           | aaa    |c</controlfield>
    <datafield tag="024" ind1="7" ind2=" ">
      <subfield code="a">103143556</subfield>
      <subfield code="0">http://d-nb.info/gnd/103143556</subfield>
      <subfield code="2">gnd</subfield>
    </datafield>
    <datafield tag="035" ind1=" " ind2=" ">
      <subfield code="a">(DE-101)103143556</subfield>
    </datafield>
    <datafield tag="035" ind1=" " ind2=" ">
      <subfield code="a">(DE-588)103143556</subfield>
    </datafield>
    <datafield tag="035" ind1=" " ind2=" ">
      <subfield code="z">(DE-588a)103143556</subfield>
      <subfield code="9">v:zg</subfield>
    </datafield>
    <datafield tag="035" ind1=" " ind2=" ">
      <subfield code="z">(DE-588c)4627580-0</subfield>
      <subfield code="9">v:zg</subfield>
    </datafield>
    <datafield tag="040" ind1=" " ind2=" ">
      <subfield code="a">DE-12</subfield>
      <subfield code="c">DE-12</subfield>
      <subfield code="9">r:DE-12</subfield>
      <subfield code="b">ger</subfield>
      <subfield code="d">0007</subfield>
      <subfield code="e">rda</subfield>
    </datafield>
    <datafield tag="042" ind1=" " ind2=" ">
      <subfield code="a">gnd1</subfield>
    </datafield>
    <datafield tag="043" ind1=" " ind2=" ">
      <subfield code="c">XV</subfield>
    </datafield>
    <datafield tag="065" ind1=" " ind2=" ">
      <subfield code="a">16.5p</subfield>
      <subfield code="2">sswd</subfield>
    </datafield>
    <datafield tag="075" ind1=" " ind2=" ">
      <subfield code="b">p</subfield>
      <subfield code="2">gndgen</subfield>
    </datafield>
    <datafield tag="075" ind1=" " ind2=" ">
      <subfield code="b">piz</subfield>
      <subfield code="2">gndspec</subfield>
    </datafield>
    <datafield tag="079" ind1=" " ind2=" ">
      <subfield code="a">g</subfield>
      <subfield code="q">a</subfield>
      <subfield code="q">f</subfield>
      <subfield code="q">e</subfield>
      <subfield code="q">s</subfield>
      <subfield code="u">v</subfield>
      <subfield code="u">w</subfield>
    </datafield>
    <datafield tag="100" ind1="0" ind2=" ">
      <subfield code="a">Mehmed</subfield>
      <subfield code="b">IV.</subfield>
      <subfield code="c">Osmanisches Reich, Sultan</subfield>
      <subfield code="d">1642-1692</subfield>
    </datafield>
    <datafield tag="375" ind1=" " ind2=" ">
      <subfield code="a">1</subfield>
      <subfield code="2">iso5218</subfield>
    </datafield>
    <datafield tag="400" ind1="0" ind2=" ">
      <subfield code="a">Muhammad</subfield>
      <subfield code="b">IV.</subfield>
      <subfield code="c">Osmanisches Reich, Sultan</subfield>
      <subfield code="d">1642-1692</subfield>
    </datafield>
    <datafield tag="400" ind1="0" ind2=" ">
      <subfield code="a">Meḥemmed</subfield>
      <subfield code="b">IV.</subfield>
      <subfield code="c">Osmanisches Reich, Sultan</subfield>
      <subfield code="d">1642-1692</subfield>
    </datafield>
    <datafield tag="400" ind1="0" ind2=" ">
      <subfield code="a">Muḥammed</subfield>
      <subfield code="b">IV.</subfield>
      <subfield code="c">Osmanisches Reich, Sultan</subfield>
      <subfield code="d">1642-1692</subfield>
    </datafield>
    <datafield tag="400" ind1="0" ind2=" ">
      <subfield code="a">Meḥmed</subfield>
      <subfield code="b">IV.</subfield>
      <subfield code="c">Osmanisches Reich, Sultan</subfield>
      <subfield code="d">1642-1692</subfield>
    </datafield>
    <datafield tag="400" ind1="0" ind2=" ">
      <subfield code="a">Mahomet</subfield>
      <subfield code="b">IV.</subfield>
      <subfield code="c">Osmanisches Reich, Sultan</subfield>
      <subfield code="d">1642-1692</subfield>
    </datafield>
    <datafield tag="400" ind1="0" ind2=" ">
      <subfield code="a">Mahomed</subfield>
      <subfield code="b">IV.</subfield>
      <subfield code="c">Osmanisches Reich, Sultan</subfield>
      <subfield code="d">1642-1692</subfield>
    </datafield>
    <datafield tag="400" ind1="0" ind2=" ">
      <subfield code="a">Mahometus</subfield>
      <subfield code="b">IV.</subfield>
      <subfield code="c">Osmanisches Reich, Sultan</subfield>
      <subfield code="d">1642-1692</subfield>
    </datafield>
    <datafield tag="400" ind1="0" ind2=" ">
      <subfield code="a">Mehemmed</subfield>
      <subfield code="b">IV.</subfield>
      <subfield code="c">Osmanisches Reich, Sultan</subfield>
      <subfield code="d">1642-1692</subfield>
    </datafield>
    <datafield tag="400" ind1="0" ind2=" ">
      <subfield code="a">Mehmet</subfield>
      <subfield code="b">IV.</subfield>
      <subfield code="c">Osmanisches Reich, Sultan</subfield>
      <subfield code="d">1642-1692</subfield>
    </datafield>
    <datafield tag="400" ind1="0" ind2=" ">
      <subfield code="a">Mohammed</subfield>
      <subfield code="b">IV.</subfield>
      <subfield code="c">Osmanisches Reich, Sultan</subfield>
      <subfield code="d">1642-1692</subfield>
      <subfield code="9">v:B</subfield>
    </datafield>
    <datafield tag="400" ind1="0" ind2=" ">
      <subfield code="a">Muḥammad</subfield>
      <subfield code="b">IV.</subfield>
      <subfield code="c">Osmanisches Reich, Sultan</subfield>
      <subfield code="d">1642-1692</subfield>
    </datafield>
    <datafield tag="400" ind1="0" ind2=" ">
      <subfield code="a">Muhammad</subfield>
      <subfield code="c">Sultan</subfield>
      <subfield code="d">1642-1692</subfield>
    </datafield>
    <datafield tag="400" ind1="0" ind2=" ">
      <subfield code="a">محمد</subfield>
      <subfield code="b">IV.</subfield>
      <subfield code="c">Osmanisches Reich, Sultan</subfield>
      <subfield code="d">1642-1692</subfield>
    </datafield>
    <datafield tag="500" ind1="0" ind2=" ">
      <subfield code="0">(DE-101)129287660</subfield>
      <subfield code="0">(DE-588)129287660</subfield>
      <subfield code="0">https://d-nb.info/gnd/129287660</subfield>
      <subfield code="a">Ibrahim</subfield>
      <subfield code="c">Osmanisches Reich, Sultan</subfield>
      <subfield code="d">1615-1648</subfield>
      <subfield code="4">bezf</subfield>
      <subfield code="4">https://d-nb.info/standards/elementset/gnd#familialRelationship</subfield>
      <subfield code="w">r</subfield>
      <subfield code="i">Beziehung familiaer</subfield>
      <subfield code="e">Beziehung familiaer</subfield>
      <subfield code="9">v:Vater</subfield>
    </datafield>
    <datafield tag="500" ind1="0" ind2=" ">
      <subfield code="0">(DE-101)142675997</subfield>
      <subfield code="0">(DE-588)142675997</subfield>
      <subfield code="0">https://d-nb.info/gnd/142675997</subfield>
      <subfield code="a">Gülnûş Sultan</subfield>
      <subfield code="c">Osmanisches Reich, Sultanin</subfield>
      <subfield code="d">1642-1715</subfield>
      <subfield code="4">bezf</subfield>
      <subfield code="4">https://d-nb.info/standards/elementset/gnd#familialRelationship</subfield>
      <subfield code="w">r</subfield>
      <subfield code="i">Beziehung familiaer</subfield>
      <subfield code="e">Beziehung familiaer</subfield>
      <subfield code="9">v:Ehefrau</subfield>
    </datafield>
    <datafield tag="500" ind1="0" ind2=" ">
      <subfield code="0">(DE-101)122838068</subfield>
      <subfield code="0">(DE-588)122838068</subfield>
      <subfield code="0">https://d-nb.info/gnd/122838068</subfield>
      <subfield code="a">Süleyman</subfield>
      <subfield code="b">II.</subfield>
      <subfield code="c">Osmanisches Reich, Sultan</subfield>
      <subfield code="d">1642-1691</subfield>
      <subfield code="4">bezf</subfield>
      <subfield code="4">https://d-nb.info/standards/elementset/gnd#familialRelationship</subfield>
      <subfield code="w">r</subfield>
      <subfield code="i">Beziehung familiaer</subfield>
      <subfield code="e">Beziehung familiaer</subfield>
      <subfield code="9">v:Bruder</subfield>
    </datafield>
    <datafield tag="500" ind1="0" ind2=" ">
      <subfield code="0">(DE-101)101094094</subfield>
      <subfield code="0">(DE-588)101094094</subfield>
      <subfield code="0">https://d-nb.info/gnd/101094094</subfield>
      <subfield code="a">Mustafa</subfield>
      <subfield code="b">II.</subfield>
      <subfield code="c">Osmanisches Reich, Sultan</subfield>
      <subfield code="d">1664-1703</subfield>
      <subfield code="4">bezf</subfield>
      <subfield code="4">https://d-nb.info/standards/elementset/gnd#familialRelationship</subfield>
      <subfield code="w">r</subfield>
      <subfield code="i">Beziehung familiaer</subfield>
      <subfield code="e">Beziehung familiaer</subfield>
      <subfield code="9">v:Sohn</subfield>
    </datafield>
    <datafield tag="500" ind1="0" ind2=" ">
      <subfield code="0">(DE-101)101094108</subfield>
      <subfield code="0">(DE-588)101094108</subfield>
      <subfield code="0">https://d-nb.info/gnd/101094108</subfield>
      <subfield code="a">Ahmed</subfield>
      <subfield code="b">III.</subfield>
      <subfield code="c">Osmanisches Reich, Sultan</subfield>
      <subfield code="d">1673-1736</subfield>
      <subfield code="4">bezf</subfield>
      <subfield code="4">https://d-nb.info/standards/elementset/gnd#familialRelationship</subfield>
      <subfield code="w">r</subfield>
      <subfield code="i">Beziehung familiaer</subfield>
      <subfield code="e">Beziehung familiaer</subfield>
      <subfield code="9">v:Sohn</subfield>
    </datafield>
    <datafield tag="548" ind1=" " ind2=" ">
      <subfield code="a">1642-1692</subfield>
      <subfield code="4">datl</subfield>
      <subfield code="4">https://d-nb.info/standards/elementset/gnd#dateOfBirthAndDeath</subfield>
      <subfield code="w">r</subfield>
      <subfield code="i">Lebensdaten</subfield>
      <subfield code="9">v:abweichendes Geburtsjahr 1641</subfield>
    </datafield>
    <datafield tag="550" ind1=" " ind2=" ">
      <subfield code="0">(DE-101)042092353</subfield>
      <subfield code="0">(DE-588)4209235-8</subfield>
      <subfield code="0">https://d-nb.info/gnd/4209235-8</subfield>
      <subfield code="a">Sultan</subfield>
      <subfield code="4">berc</subfield>
      <subfield code="4">https://d-nb.info/standards/elementset/gnd#professionOrOccupation</subfield>
      <subfield code="w">r</subfield>
      <subfield code="i">Charakteristischer Beruf</subfield>
    </datafield>
    <datafield tag="667" ind1=" " ind2=" ">
      <subfield code="a">VD-17</subfield>
    </datafield>
    <datafield tag="667" ind1=" " ind2=" ">
      <subfield code="a">Red. SSG</subfield>
    </datafield>
    <datafield tag="670" ind1=" " ind2=" ">
      <subfield code="a">B Wissen</subfield>
    </datafield>
    <datafield tag="670" ind1=" " ind2=" ">
      <subfield code="a">AnaBritannica</subfield>
    </datafield>
    <datafield tag="670" ind1=" " ind2=" ">
      <subfield code="a">Wikipedia</subfield>
      <subfield code="u">https://de.wikipedia.org/wiki/Mehmed_IV.</subfield>
    </datafield>
    <datafield tag="678" ind1=" " ind2=" ">
      <subfield code="b">regierte 1648-1687; Beiname "der Jäger"</subfield>
    </datafield>
    <datafield tag="913" ind1=" " ind2=" ">
      <subfield code="S">pnd</subfield>
      <subfield code="i">5</subfield>
      <subfield code="a">Mehmed &lt;Osmanisches Reich, Sultan, IV.&gt;</subfield>
      <subfield code="0">(DE-588a)103143556</subfield>
    </datafield>
    <datafield tag="913" ind1=" " ind2=" ">
      <subfield code="S">pnd</subfield>
      <subfield code="i">5</subfield>
      <subfield code="a">Muhammad &lt;Osmanisches Reich, Sultan, IV.&gt;</subfield>
      <subfield code="0">(DE-588a)103143556</subfield>
    </datafield>
  </record>
